@online{site_arduino,
author = {Arduino},
title = {Le site officiel d'Arduino},
year = {2017},
url = {https://www.arduino.cc/},
urldate = {2017-04-26}
}

@online{ntu_swing,
author = {Nanyang Technological University},
title = {Java Programming Tutorial - Custom Graphics},
year = {2016},
url = {http://www.ntu.edu.sg/home/ehchua/programming/java/J4b_CustomGraphics.html},
urldate = {2017-04-26}
}

@online{load_cell,
author = {Electronics Stack Exchange},
title = {How to mount a Half Bridge Load cell},
year = {2016},
url = {https://electronics.stackexchange.com/questions/233574/how-to-mount-a-half-bridge-load-cell},
urldate = {2017-04-26}
}

@online{hx711,
author = {bodge},
title = {HX711 Arduino library},
year = {2016},
url = {https://github.com/bogde/HX711},
urldate = {2017-04-26}
}

@online{android_studio,
author = {Google},
title = {Android Studio},
year = {2017},
url = {https://developer.android.com/studio/index.html},
urldate = {2017-04-26}
}

@online{repo_github,
author = {KOKKONIS Dimitrios, LOCHE Jérémy},
title = {pression},
year = {2017},
url = {https://github.com/kokkonisd/pression},
urldate = {2017-04-26}
}

@online{sparkfun,
author = {Sparkfun},
title = {Getting Started with Load Cells},
year = {2016},
url = {https://learn.sparkfun.com/tutorials/getting-started-with-load-cells},
urldate = {2017-04-26}
}

@online{wheatstone,
author = {National Instruments},
title = {Comment effectuer une mesure avec une cellule de charge ou un transducteur de pression},
year = {2013},
url = {http://www.ni.com/tutorial/7138/fr/},
urldate = {2017-04-26}
}